[gd_scene load_steps=8 format=2]

[ext_resource path="res://scripts/ui/PauseMenu.gd" type="Script" id=1]
[ext_resource path="res://ui/CatDoor.theme" type="Theme" id=2]
[ext_resource path="res://ui/PressStart2P.ttf" type="DynamicFontData" id=3]
[ext_resource path="res://ui/SettingsDialog.tscn" type="PackedScene" id=4]
[ext_resource path="res://sfx/blip.ogg" type="AudioStream" id=5]

[sub_resource type="DynamicFont" id=1]

size = 24
font_data = ExtResource( 3 )

[sub_resource type="DynamicFont" id=2]

font_data = ExtResource( 3 )

[node name="PauseOverlay" type="ColorRect"]
pause_mode = 2
anchor_right = 1.0
anchor_bottom = 1.0
color = Color( 0, 0, 0, 0.501961 )
script = ExtResource( 1 )

[node name="OverlayFader" type="Tween" parent="."]

[node name="Fader" type="Tween" parent="."]

[node name="MusicFader" type="Tween" parent="."]

[node name="PauseViewport" type="ViewportContainer" parent="."]
editor/display_folded = true
anchor_right = 1.0
anchor_bottom = 1.0
stretch = true

[node name="Viewport" type="Viewport" parent="PauseViewport"]
size = Vector2( 800, 450 )
transparent_bg = true
disable_3d = true
usage = 0
gui_disable_input = true

[node name="Overlay" type="CenterContainer" parent="PauseViewport/Viewport"]
anchor_right = 1.0
anchor_bottom = 1.0
grow_horizontal = 2
grow_vertical = 2
size_flags_horizontal = 3
size_flags_vertical = 3

[node name="PauseMenu" type="VBoxContainer" parent="PauseViewport/Viewport/Overlay"]
margin_left = 260.0
margin_top = 129.0
margin_right = 540.0
margin_bottom = 321.0

[node name="PauseText" type="Label" parent="PauseViewport/Viewport/Overlay/PauseMenu"]
margin_right = 280.0
margin_bottom = 48.0
rect_min_size = Vector2( 0, 48 )
size_flags_vertical = 0
theme = ExtResource( 2 )
custom_fonts/font = SubResource( 1 )
text = "Paused"
align = 1

[node name="ResumeButton" type="Button" parent="PauseViewport/Viewport/Overlay/PauseMenu"]
margin_top = 52.0
margin_right = 280.0
margin_bottom = 84.0
grow_horizontal = 2
rect_min_size = Vector2( 280, 32 )
size_flags_horizontal = 5
theme = ExtResource( 2 )
custom_fonts/font = SubResource( 2 )
custom_colors/font_color_disabled = Color( 0.501961, 0.501961, 0.501961, 1 )
custom_colors/font_color_hover = Color( 1, 1, 0.501961, 1 )
custom_colors/font_color_pressed = Color( 1, 1, 0, 1 )
text = "Resume Game"

[node name="SettingsButton" type="Button" parent="PauseViewport/Viewport/Overlay/PauseMenu"]
margin_top = 88.0
margin_right = 280.0
margin_bottom = 120.0
grow_horizontal = 2
rect_min_size = Vector2( 0, 32 )
size_flags_horizontal = 5
theme = ExtResource( 2 )
custom_fonts/font = SubResource( 2 )
custom_colors/font_color_disabled = Color( 0.501961, 0.501961, 0.501961, 1 )
custom_colors/font_color_hover = Color( 1, 1, 0.501961, 1 )
custom_colors/font_color_pressed = Color( 1, 1, 0, 1 )
text = "Settings"

[node name="TitleButton" type="Button" parent="PauseViewport/Viewport/Overlay/PauseMenu"]
margin_top = 124.0
margin_right = 280.0
margin_bottom = 156.0
grow_horizontal = 2
rect_min_size = Vector2( 0, 32 )
size_flags_horizontal = 5
theme = ExtResource( 2 )
custom_fonts/font = SubResource( 2 )
custom_colors/font_color_disabled = Color( 0.501961, 0.501961, 0.501961, 1 )
custom_colors/font_color_hover = Color( 1, 1, 0.501961, 1 )
custom_colors/font_color_pressed = Color( 1, 1, 0, 1 )
text = "Return to Title"

[node name="QuitButton" type="Button" parent="PauseViewport/Viewport/Overlay/PauseMenu"]
margin_top = 160.0
margin_right = 280.0
margin_bottom = 192.0
grow_horizontal = 2
rect_min_size = Vector2( 0, 32 )
size_flags_horizontal = 5
theme = ExtResource( 2 )
custom_fonts/font = SubResource( 2 )
custom_colors/font_color_disabled = Color( 0.501961, 0.501961, 0.501961, 1 )
custom_colors/font_color_hover = Color( 1, 1, 0.501961, 1 )
custom_colors/font_color_pressed = Color( 1, 1, 0, 1 )
text = "Quit Game"

[node name="SettingsDialog" parent="PauseViewport/Viewport" instance=ExtResource( 4 )]
visible = false
grow_horizontal = 2
grow_vertical = 2
size_flags_stretch_ratio = 0.0

[node name="Confirm" type="AudioStreamPlayer2D" parent="."]
stream = ExtResource( 5 )
volume_db = -6.0

[connection signal="pressed" from="PauseViewport/Viewport/Overlay/PauseMenu/ResumeButton" to="." method="_on_ResumeButton_pressed"]
[connection signal="pressed" from="PauseViewport/Viewport/Overlay/PauseMenu/SettingsButton" to="." method="_on_SettingsButton_pressed"]
[connection signal="pressed" from="PauseViewport/Viewport/Overlay/PauseMenu/TitleButton" to="." method="_on_TitleButton_pressed"]
[connection signal="pressed" from="PauseViewport/Viewport/Overlay/PauseMenu/QuitButton" to="." method="_on_QuitButton_pressed"]
[connection signal="pressed" from="PauseViewport/Viewport/SettingsDialog/VBox/CenterContainer/BackButton" to="." method="_on_Settings_BackButton_pressed"]

[editable path="PauseViewport/Viewport/SettingsDialog"]
