[gd_scene load_steps=19 format=2]

[ext_resource path="res://scripts/ui/Title.gd" type="Script" id=1]
[ext_resource path="res://ui/Background.tscn" type="PackedScene" id=2]
[ext_resource path="res://ui/logo.png" type="Texture" id=3]
[ext_resource path="res://ui/CatDoor.theme" type="Theme" id=4]
[ext_resource path="res://ui/PressStart2P.ttf" type="DynamicFontData" id=5]
[ext_resource path="res://ui/NewDialog.tscn" type="PackedScene" id=6]
[ext_resource path="res://ui/SettingsDialog.tscn" type="PackedScene" id=7]
[ext_resource path="res://ui/Credits.tscn" type="PackedScene" id=8]
[ext_resource path="res://music/title.ogg" type="AudioStream" id=9]
[ext_resource path="res://sfx/blip.ogg" type="AudioStream" id=10]

[sub_resource type="World" id=1]


[sub_resource type="ViewportTexture" id=2]

flags = 4
viewport_path = NodePath("Viewport")

[sub_resource type="World" id=3]


[sub_resource type="StyleBoxEmpty" id=4]


[sub_resource type="DynamicFont" id=5]

extra_spacing_top = 4
extra_spacing_bottom = 4
font_data = ExtResource( 5 )

[sub_resource type="StyleBoxEmpty" id=6]


[sub_resource type="StyleBoxEmpty" id=7]


[sub_resource type="StyleBoxEmpty" id=8]


[node name="TitleRoot" type="Node"]
script = ExtResource( 1 )

[node name="Viewport" type="Viewport" parent="."]
size = Vector2( 400, 225 )
own_world = true
world = SubResource( 1 )
disable_3d = true
usage = 0
render_target_v_flip = true
gui_disable_input = true

[node name="Root" parent="Viewport" instance=ExtResource( 2 )]

[node name="Display" type="TextureRect" parent="."]
modulate = Color( 0.435294, 0.435294, 0.435294, 1 )
anchor_right = 1.0
anchor_bottom = 1.0
grow_horizontal = 2
grow_vertical = 2
size_flags_horizontal = 5
size_flags_vertical = 5
texture = SubResource( 2 )
expand = true
stretch_mode = 5

[node name="VPContainer" type="ViewportContainer" parent="."]
anchor_right = 1.0
anchor_bottom = 1.0
stretch = true

[node name="Viewport" type="Viewport" parent="VPContainer"]
size = Vector2( 800, 450 )
own_world = true
world = SubResource( 3 )
transparent_bg = true
disable_3d = true
usage = 0

[node name="Title" type="Control" parent="VPContainer/Viewport"]
anchor_right = 1.0
anchor_bottom = 1.0

[node name="Title" type="TextureRect" parent="VPContainer/Viewport/Title"]
anchor_right = 1.0
anchor_bottom = 1.0
margin_bottom = -128.0
texture = ExtResource( 3 )
expand = true
stretch_mode = 6

[node name="Buttons" type="Control" parent="VPContainer/Viewport/Title"]
anchor_left = 0.5
anchor_top = 1.0
anchor_right = 0.5
anchor_bottom = 1.0
margin_left = -100.0
margin_top = -200.0
margin_right = 100.0
margin_bottom = -8.0

[node name="VBox" type="VBoxContainer" parent="VPContainer/Viewport/Title/Buttons"]
anchor_right = 1.0
anchor_bottom = 1.0
size_flags_horizontal = 7
size_flags_vertical = 11
custom_constants/separation = 8
alignment = 2

[node name="NewButton" type="Button" parent="VPContainer/Viewport/Title/Buttons/VBox"]
margin_top = 64.0
margin_right = 200.0
margin_bottom = 90.0
focus_neighbour_top = NodePath("../QuitButton")
focus_neighbour_bottom = NodePath("../SettingsButton")
focus_next = NodePath("../SettingsButton")
focus_previous = NodePath("../QuitButton")
theme = ExtResource( 4 )
custom_styles/focus = SubResource( 4 )
custom_fonts/font = SubResource( 5 )
custom_colors/font_color_hover = Color( 1, 1, 0.501961, 1 )
custom_colors/font_color_pressed = Color( 1, 1, 0, 1 )
text = "New Game"

[node name="SettingsButton" type="Button" parent="VPContainer/Viewport/Title/Buttons/VBox"]
margin_top = 98.0
margin_right = 200.0
margin_bottom = 124.0
focus_neighbour_top = NodePath("../NewButton")
focus_neighbour_bottom = NodePath("../CreditsButton")
focus_next = NodePath("../CreditsButton")
focus_previous = NodePath("../NewButton")
theme = ExtResource( 4 )
custom_styles/focus = SubResource( 6 )
custom_fonts/font = SubResource( 5 )
custom_colors/font_color_hover = Color( 1, 1, 0.501961, 1 )
custom_colors/font_color_pressed = Color( 1, 1, 0, 1 )
text = "Settings"

[node name="CreditsButton" type="Button" parent="VPContainer/Viewport/Title/Buttons/VBox"]
margin_top = 132.0
margin_right = 200.0
margin_bottom = 158.0
focus_neighbour_top = NodePath("../SettingsButton")
focus_neighbour_bottom = NodePath("../QuitButton")
focus_next = NodePath("../QuitButton")
focus_previous = NodePath("../SettingsButton")
theme = ExtResource( 4 )
custom_styles/focus = SubResource( 7 )
custom_fonts/font = SubResource( 5 )
custom_colors/font_color_hover = Color( 1, 1, 0.501961, 1 )
custom_colors/font_color_pressed = Color( 1, 1, 0, 1 )
text = "Credits"

[node name="QuitButton" type="Button" parent="VPContainer/Viewport/Title/Buttons/VBox"]
margin_top = 166.0
margin_right = 200.0
margin_bottom = 192.0
focus_neighbour_top = NodePath("../CreditsButton")
focus_neighbour_bottom = NodePath("../NewButton")
focus_next = NodePath("../NewButton")
focus_previous = NodePath("../CreditsButton")
size_flags_horizontal = 3
theme = ExtResource( 4 )
custom_styles/focus = SubResource( 8 )
custom_fonts/font = SubResource( 5 )
custom_colors/font_color_hover = Color( 1, 1, 0.501961, 1 )
custom_colors/font_color_pressed = Color( 1, 1, 0, 1 )
text = "Quit"

[node name="NewContainer" parent="VPContainer/Viewport" instance=ExtResource( 6 )]
visible = false

[node name="NewDialog" parent="VPContainer/Viewport/NewContainer" index="0"]
margin_left = 399.0
margin_top = 224.0
margin_right = 401.0
margin_bottom = 226.0

[node name="SettingsDialog" parent="VPContainer/Viewport" instance=ExtResource( 7 )]
editor/display_folded = true
visible = false

[node name="Credits" parent="VPContainer/Viewport" instance=ExtResource( 8 )]
visible = false

[node name="Fader" type="Tween" parent="."]

[node name="Music" type="AudioStreamPlayer" parent="."]
stream = ExtResource( 9 )
autoplay = true
bus = "Music"

[node name="Confirm" type="AudioStreamPlayer" parent="."]
stream = ExtResource( 10 )
volume_db = -10.0

[connection signal="pressed" from="VPContainer/Viewport/Title/Buttons/VBox/NewButton" to="." method="_on_NewButton_pressed"]
[connection signal="pressed" from="VPContainer/Viewport/Title/Buttons/VBox/SettingsButton" to="." method="_on_SettingsButton_pressed"]
[connection signal="pressed" from="VPContainer/Viewport/Title/Buttons/VBox/CreditsButton" to="." method="_on_CreditsButton_pressed"]
[connection signal="pressed" from="VPContainer/Viewport/Title/Buttons/VBox/QuitButton" to="." method="_on_QuitButton_pressed"]
[connection signal="pressed" from="VPContainer/Viewport/NewContainer/NewDialog/Margins/ParamVBox/GenerateButton" to="." method="_on_GenerateButton_pressed"]
[connection signal="pressed" from="VPContainer/Viewport/NewContainer/NewDialog/Margins/ParamVBox/BackButton" to="." method="_on_NewGame_BackButton_pressed"]
[connection signal="pressed" from="VPContainer/Viewport/SettingsDialog/VBox/CenterContainer/BackButton" to="." method="_on_Settings_BackButton_pressed"]
[connection signal="pressed" from="VPContainer/Viewport/Credits/VBox/Center/MarginContainer/BackButton" to="." method="_on_Credits_BackButton_pressed"]

[editable path="VPContainer/Viewport/NewContainer"]

[editable path="VPContainer/Viewport/SettingsDialog"]

[editable path="VPContainer/Viewport/Credits"]
