[gd_scene load_steps=11 format=2]

[ext_resource path="res://scripts/World.gd" type="Script" id=1]
[ext_resource path="res://world/sky-day.png" type="Texture" id=2]
[ext_resource path="res://world/tree-bg.png" type="Texture" id=3]
[ext_resource path="res://world/ground-snow.png" type="Texture" id=4]
[ext_resource path="res://world/sidewalk.png" type="Texture" id=5]

[sub_resource type="Shader" id=1]

code = "shader_type canvas_item;
uniform sampler2D image;

void vertex() {
	UV = VERTEX;
}

void fragment() {
	COLOR = texture(image, vec2(UV / vec2(textureSize(image, 0))));
}"

[sub_resource type="ShaderMaterial" id=2]

shader = SubResource( 1 )
shader_param/image = ExtResource( 5 )

[sub_resource type="NoiseTexture" id=3]

width = 800
height = 65

[sub_resource type="LineShape2D" id=4]

normal = Vector2( 0, 1 )

[sub_resource type="LineShape2D" id=5]


[node name="World" type="Node2D" groups=[
"world",
]]
script = ExtResource( 1 )

[node name="BG" type="ParallaxBackground" parent="."]
layer = -3

[node name="Sky" type="ParallaxLayer" parent="BG"]
z_index = -1024
motion_scale = Vector2( 0, 0 )

[node name="Sky" type="Sprite" parent="BG/Sky"]
scale = Vector2( 400, 1 )
texture = ExtResource( 2 )
centered = false

[node name="Camera" type="Camera2D" parent="."]
position = Vector2( -200, 0 )
anchor_mode = 0
current = true
limit_top = 0
limit_bottom = 225
smoothing_speed = 8.0
drag_margin_left = 0.1
drag_margin_top = 0.1
drag_margin_right = 0.1
drag_margin_bottom = 0.1
editor_draw_screen = false

[node name="Trees" type="Sprite" parent="."]
z_index = -511
texture = ExtResource( 3 )
centered = false

[node name="Snow" type="Sprite" parent="."]
z_index = -512
texture = ExtResource( 4 )
centered = false

[node name="Sidewalk" type="Sprite" parent="."]
material = SubResource( 2 )
position = Vector2( 0, 160 )
z_index = -513
texture = SubResource( 3 )
centered = false

[node name="WorldBounds" type="StaticBody2D" parent="."]
visible = false
collision_mask = 0

[node name="Sky" type="CollisionShape2D" parent="WorldBounds"]
position = Vector2( 0, 133 )
shape = SubResource( 4 )

[node name="Ground" type="CollisionShape2D" parent="WorldBounds"]
position = Vector2( 0, 211 )
shape = SubResource( 5 )

