[gd_scene load_steps=21 format=2]

[ext_resource path="res://scripts/Game.gd" type="Script" id=1]
[ext_resource path="res://world/World.tscn" type="PackedScene" id=2]
[ext_resource path="res://scripts/ui/HUD.gd" type="Script" id=3]
[ext_resource path="res://ui/PressStart2P.ttf" type="DynamicFontData" id=4]
[ext_resource path="res://ui/PauseOverlay.tscn" type="PackedScene" id=5]
[ext_resource path="res://music/world.ogg" type="AudioStream" id=6]

[sub_resource type="StyleBoxFlat" id=1]

bg_color = Color( 0, 0, 0, 0.752941 )
expand_margin_left = 4.0
expand_margin_right = 4.0
expand_margin_top = 4.0
expand_margin_bottom = 4.0

[sub_resource type="DynamicFont" id=2]

size = 8
outline_color = Color( 0, 0, 0, 1 )
font_data = ExtResource( 4 )

[sub_resource type="StyleBoxFlat" id=3]

content_margin_left = 4.0
bg_color = Color( 0, 0, 0, 0.752941 )
corner_radius_top_right = 4
expand_margin_right = 4.0
expand_margin_top = 4.0
expand_margin_bottom = 4.0
anti_aliasing = false

[sub_resource type="StyleBoxFlat" id=4]

resource_local_to_scene = true
bg_color = Color( 1, 1, 1, 0.501961 )

[sub_resource type="StyleBoxFlat" id=5]

bg_color = Color( 0, 0, 0, 0 )
border_width_left = 1
border_width_top = 1
border_width_right = 1
border_width_bottom = 1
border_color = Color( 0, 0, 0, 1 )
expand_margin_left = 1.0
expand_margin_right = 1.0
expand_margin_top = 1.0
expand_margin_bottom = 1.0

[sub_resource type="DynamicFont" id=6]

size = 6
outline_color = Color( 0, 0, 0, 1 )
font_data = ExtResource( 4 )

[sub_resource type="StyleBoxFlat" id=7]

content_margin_left = 4.0
content_margin_right = 0.0
bg_color = Color( 0, 0, 0, 0.752941 )
corner_radius_top_left = 4
expand_margin_right = 4.0
expand_margin_top = 4.0
expand_margin_bottom = 4.0
anti_aliasing = false

[sub_resource type="StyleBoxFlat" id=8]

content_margin_left = 4.0
content_margin_right = 0.0
bg_color = Color( 0, 0, 0, 0.752941 )
expand_margin_right = 4.0
expand_margin_top = 4.0
expand_margin_bottom = 4.0

[sub_resource type="StyleBoxFlat" id=9]

bg_color = Color( 0, 0, 0, 0.752941 )
expand_margin_left = 4.0
expand_margin_right = 4.0
expand_margin_top = 4.0
expand_margin_bottom = 4.0
anti_aliasing = false

[sub_resource type="StyleBoxFlat" id=10]

content_margin_left = 4.0
bg_color = Color( 0, 0, 0, 0.752941 )
corner_radius_bottom_right = 4
expand_margin_right = 4.0
expand_margin_top = 4.0
expand_margin_bottom = 4.0
anti_aliasing = false

[sub_resource type="StyleBoxFlat" id=11]

bg_color = Color( 0, 0, 0, 0.752941 )
corner_radius_bottom_left = 4
expand_margin_left = 4.0
expand_margin_right = 4.0
expand_margin_top = 4.0
expand_margin_bottom = 4.0
anti_aliasing = false

[sub_resource type="StyleBoxFlat" id=12]

content_margin_left = 4.0
bg_color = Color( 0, 0, 0, 0.752941 )
expand_margin_right = 4.0
expand_margin_top = 4.0
expand_margin_bottom = 4.0
anti_aliasing = false

[sub_resource type="ViewportTexture" id=13]

flags = 4
viewport_path = NodePath("Viewport")

[sub_resource type="ViewportTexture" id=14]

flags = 4
viewport_path = NodePath("HUDVP")

[node name="Root" type="Control"]
anchor_right = 1.0
anchor_bottom = 1.0
script = ExtResource( 1 )

[node name="Viewport" type="Viewport" parent="."]
size = Vector2( 400, 225 )
handle_input_locally = false
hdr = false
disable_3d = true
usage = 1
render_target_v_flip = true
audio_listener_enable_2d = true

[node name="World" parent="Viewport" instance=ExtResource( 2 )]
z_index = -1024
music_path = NodePath("../../Music")

[node name="HUDVP" type="Viewport" parent="."]
size = Vector2( 400, 225 )
transparent_bg = true
handle_input_locally = false
hdr = false
disable_3d = true
usage = 1
render_target_v_flip = true
gui_disable_input = true

[node name="HUD" type="MarginContainer" parent="HUDVP"]
anchor_right = 1.0
anchor_bottom = 1.0
custom_constants/margin_right = 4
custom_constants/margin_top = 4
custom_constants/margin_left = 4
custom_constants/margin_bottom = 4
script = ExtResource( 3 )

[node name="Tween" type="Tween" parent="HUDVP/HUD"]

[node name="Box" type="HBoxContainer" parent="HUDVP/HUD"]
margin_left = 4.0
margin_top = 4.0
margin_right = 396.0
margin_bottom = 221.0

[node name="HPLabel" type="Label" parent="HUDVP/HUD/Box"]
margin_top = 209.0
margin_right = 16.0
margin_bottom = 217.0
size_flags_horizontal = 0
size_flags_vertical = 8
custom_styles/normal = SubResource( 1 )
custom_fonts/font = SubResource( 2 )
custom_colors/font_color_shadow = Color( 0, 0, 0, 1 )
custom_constants/shadow_offset_x = 1
custom_constants/shadow_offset_y = 1
text = "HP"

[node name="HPContainer" type="PanelContainer" parent="HUDVP/HUD/Box"]
margin_left = 20.0
margin_top = 209.0
margin_right = 74.0
margin_bottom = 217.0
size_flags_vertical = 8
custom_styles/panel = SubResource( 3 )

[node name="Progress" type="ProgressBar" parent="HUDVP/HUD/Box/HPContainer"]
modulate = Color( 0, 1, 0, 1 )
margin_left = 4.0
margin_right = 54.0
margin_bottom = 8.0
rect_min_size = Vector2( 50, 0 )
size_flags_horizontal = 4
size_flags_vertical = 4
custom_styles/fg = SubResource( 4 )
custom_styles/bg = SubResource( 5 )
custom_fonts/font = SubResource( 6 )
max_value = 10.0
value = 2.0
percent_visible = false

[node name="Counter" type="Label" parent="HUDVP/HUD/Box/HPContainer"]
margin_left = 13.0
margin_right = 45.0
margin_bottom = 8.0
size_flags_horizontal = 4
custom_fonts/font = SubResource( 2 )
custom_colors/font_color_shadow = Color( 0, 0, 0, 1 )
custom_constants/shadow_offset_x = 1
custom_constants/shadow_offset_y = 1
text = "0/10"
align = 1

[node name="StrLabel" type="Label" parent="HUDVP/HUD/Box"]
margin_left = 228.0
margin_top = 209.0
margin_right = 256.0
margin_bottom = 217.0
size_flags_horizontal = 10
size_flags_vertical = 8
custom_styles/normal = SubResource( 7 )
custom_fonts/font = SubResource( 2 )
custom_colors/font_color_shadow = Color( 0, 0, 0, 1 )
custom_constants/shadow_offset_x = 1
custom_constants/shadow_offset_y = 1
text = "STR"

[node name="Str" type="Label" parent="HUDVP/HUD/Box"]
margin_left = 260.0
margin_top = 209.0
margin_right = 280.0
margin_bottom = 217.0
rect_min_size = Vector2( 20, 0 )
size_flags_horizontal = 0
size_flags_vertical = 8
custom_styles/normal = SubResource( 8 )
custom_fonts/font = SubResource( 2 )
custom_colors/font_color_shadow = Color( 0, 0, 0, 1 )
custom_constants/shadow_offset_x = 1
custom_constants/shadow_offset_y = 1
text = "0"
align = 2

[node name="DexLabel" type="Label" parent="HUDVP/HUD/Box"]
margin_left = 284.0
margin_top = 209.0
margin_right = 312.0
margin_bottom = 217.0
size_flags_horizontal = 8
size_flags_vertical = 8
custom_styles/normal = SubResource( 8 )
custom_fonts/font = SubResource( 2 )
custom_colors/font_color_shadow = Color( 0, 0, 0, 1 )
custom_constants/shadow_offset_x = 1
custom_constants/shadow_offset_y = 1
text = "DEX"

[node name="Dex" type="Label" parent="HUDVP/HUD/Box"]
margin_left = 316.0
margin_top = 209.0
margin_right = 336.0
margin_bottom = 217.0
rect_min_size = Vector2( 20, 0 )
size_flags_horizontal = 0
size_flags_vertical = 8
custom_styles/normal = SubResource( 8 )
custom_fonts/font = SubResource( 2 )
custom_colors/font_color_shadow = Color( 0, 0, 0, 1 )
custom_constants/shadow_offset_x = 1
custom_constants/shadow_offset_y = 1
text = "0"
align = 2

[node name="ConLabel" type="Label" parent="HUDVP/HUD/Box"]
margin_left = 340.0
margin_top = 209.0
margin_right = 368.0
margin_bottom = 217.0
size_flags_horizontal = 8
size_flags_vertical = 8
custom_styles/normal = SubResource( 8 )
custom_fonts/font = SubResource( 2 )
custom_colors/font_color_shadow = Color( 0, 0, 0, 1 )
custom_constants/shadow_offset_x = 1
custom_constants/shadow_offset_y = 1
text = "CON"

[node name="Con" type="Label" parent="HUDVP/HUD/Box"]
margin_left = 372.0
margin_top = 209.0
margin_right = 392.0
margin_bottom = 217.0
rect_min_size = Vector2( 20, 0 )
size_flags_horizontal = 0
size_flags_vertical = 8
custom_styles/normal = SubResource( 8 )
custom_fonts/font = SubResource( 2 )
custom_colors/font_color_shadow = Color( 0, 0, 0, 1 )
custom_constants/shadow_offset_x = 1
custom_constants/shadow_offset_y = 1
text = "0"
align = 2

[node name="Upper" type="HBoxContainer" parent="HUDVP/HUD"]
margin_left = 4.0
margin_top = 4.0
margin_right = 396.0
margin_bottom = 221.0

[node name="GPLabel" type="Label" parent="HUDVP/HUD/Upper"]
margin_right = 16.0
margin_bottom = 8.0
size_flags_horizontal = 0
size_flags_vertical = 0
custom_styles/normal = SubResource( 9 )
custom_fonts/font = SubResource( 2 )
custom_colors/font_color_shadow = Color( 0, 0, 0, 1 )
custom_constants/shadow_offset_x = 1
custom_constants/shadow_offset_y = 1
text = "GP"
align = 2

[node name="GP" type="Label" parent="HUDVP/HUD/Upper"]
margin_left = 20.0
margin_right = 64.0
margin_bottom = 8.0
rect_min_size = Vector2( 44, 0 )
size_flags_horizontal = 0
size_flags_vertical = 0
custom_styles/normal = SubResource( 10 )
custom_fonts/font = SubResource( 2 )
custom_colors/font_color_shadow = Color( 0, 0, 0, 1 )
custom_constants/shadow_offset_x = 1
custom_constants/shadow_offset_y = 1
text = "00000"
align = 2

[node name="LatLabel" type="Label" parent="HUDVP/HUD/Upper"]
margin_left = 304.0
margin_right = 336.0
margin_bottom = 8.0
size_flags_horizontal = 10
size_flags_vertical = 0
custom_styles/normal = SubResource( 11 )
custom_fonts/font = SubResource( 2 )
custom_colors/font_color_shadow = Color( 0, 0, 0, 1 )
custom_constants/shadow_offset_x = 1
custom_constants/shadow_offset_y = 1
text = "AREA"

[node name="Lat" type="Label" parent="HUDVP/HUD/Upper"]
margin_left = 340.0
margin_right = 392.0
margin_bottom = 8.0
rect_min_size = Vector2( 52, 0 )
size_flags_horizontal = 0
size_flags_vertical = 0
custom_styles/normal = SubResource( 12 )
custom_fonts/font = SubResource( 2 )
custom_colors/font_color_shadow = Color( 0, 0, 0, 1 )
custom_constants/shadow_offset_x = 1
custom_constants/shadow_offset_y = 1
text = "00000"
align = 2

[node name="Display" type="TextureRect" parent="."]
anchor_right = 1.0
anchor_bottom = 1.0
grow_horizontal = 2
grow_vertical = 2
size_flags_horizontal = 5
size_flags_vertical = 5
texture = SubResource( 13 )
expand = true
stretch_mode = 5

[node name="HUD" type="TextureRect" parent="."]
anchor_right = 1.0
anchor_bottom = 1.0
grow_horizontal = 2
grow_vertical = 2
size_flags_horizontal = 5
size_flags_vertical = 5
texture = SubResource( 14 )
expand = true
stretch_mode = 5

[node name="PauseOverlay" parent="." instance=ExtResource( 5 )]
visible = false
hud_path = NodePath("../HUDVP/HUD")
music_path = NodePath("../Music")

[node name="Music" type="AudioStreamPlayer" parent="."]
pause_mode = 2
stream = ExtResource( 6 )
autoplay = true
bus = "Music"

